@article{radovitzky1999error,
  title={Error estimation and adaptive meshing in strongly nonlinear dynamic problems},
  author={Radovitzky, Raul and Ortiz, Michael},
  journal={Computer Methods in Applied Mechanics and Engineering},
  volume={172},
  number={1-4},
  pages={203--240},
  year={1999},
  publisher={Elsevier}
}

@article{boussetta2006adaptive,
  title={Adaptive remeshing based on a posteriori error estimation for forging simulation},
  author={Boussetta, Ramzy and Coupez, Thierry and Fourment, Lionel},
  journal={Computer methods in applied mechanics and engineering},
  volume={195},
  number={48-49},
  pages={6626--6645},
  year={2006},
  publisher={Elsevier}
}

@article{diez2000adaptivity,
  title={Adaptivity based on error estimation for viscoplastic softening materials},
  author={D{\'\i}ez, Pedro and Arroyo Balaguer, Marino and Huerta, Antonio},
  journal={Mechanics of Cohesive-Frictional Materials},
  volume={5},
  number={2},
  pages={87--112},
  year={2000}
}

@article{ladeveze2003estimation,
  title={Estimation of discretization errors in dynamics},
  author={Ladev{\`e}ze, P and Pelle, JP},
  journal={Computers \& structures},
  volume={81},
  number={12},
  pages={1133--1148},
  year={2003},
  publisher={Elsevier}
}

@article{verdugo2014error,
  title={Error assessment in structural transient dynamics},
  author={Verdugo, Francesc and Par{\'e}s, N{\'u}ria and D{\'\i}ez, Pedro},
  journal={Archives of computational methods in engineering},
  volume={21},
  number={1},
  pages={59--90},
  year={2014},
  publisher={Springer}
}

@article{biotteau2012three,
  title={Three dimensional automatic refinement method for transient small strain elastoplastic finite element computations},
  author={Biotteau, Ewen and Gravouil, Anthony and Lubrecht, Antonius A and Combescure, Alain},
  journal={Computational Mechanics},
  volume={49},
  number={1},
  pages={123--136},
  year={2012},
  publisher={Springer}
}

@article{combe2002discretization,
  title={Discretization error estimator for transcient dynamic simulations},
  author={Combe, J-P and Ladev{\'e}ze, Pierre and Pelle, J-P},
  journal={Advances in Engineering Software},
  volume={33},
  number={7-10},
  pages={553--563},
  year={2002},
  publisher={Elsevier}
}

@article{scovazzi2016simple,
  title={A simple, stable, and accurate linear tetrahedral finite element for transient, nearly, and fully incompressible solid dynamics: a dynamic variational multiscale approach},
  author={Scovazzi, Guglielmo and Carnes, Brian and Zeng, Xianyi and Rossi, Simone},
  journal={International Journal for Numerical Methods in Engineering},
  volume={106},
  number={10},
  pages={799--839},
  year={2016},
  publisher={Wiley Online Library}
}

@article{molinari2002three,
  title={Three-dimensional adaptive meshing by subdivision and edge-collapse in finite-deformation dynamic--plasticity problems with application to adiabatic shear banding},
  author={Molinari, JF and Ortiz, M},
  journal={International Journal for Numerical Methods in Engineering},
  volume={53},
  number={5},
  pages={1101--1126},
  year={2002},
  publisher={Wiley Online Library}
}

@article{luo2009adaptive,
  title={Adaptive nearest-nodes finite element method guided by gradient of linear strain energy density},
  author={Luo, Yunhua},
  journal={Finite Elements in Analysis and Design},
  volume={45},
  number={12},
  pages={925--933},
  year={2009},
  publisher={Elsevier}
}

@article{lahiri2010variationally,
  title={A variationally consistent mesh adaptation method for triangular elements in explicit Lagrangian dynamics},
  author={Lahiri, Sudeep K and Bonet, Javier and Peraire, Jaume},
  journal={International journal for numerical methods in engineering},
  volume={82},
  number={9},
  pages={1073--1113},
  year={2010},
  publisher={Wiley Online Library}
}

@article{masud2013framework,
  title={A framework for residual-based stabilization of incompressible finite elasticity: Stabilized formulations and F methods for linear triangles and tetrahedra},
  author={Masud, Arif and Truster, Timothy J},
  journal={Computer Methods in Applied Mechanics and Engineering},
  volume={267},
  pages={359--399},
  year={2013},
  publisher={Elsevier}
}

@article{mosler2007variational,
  title={Variational h-adaption in finite deformation elasticity and plasticity},
  author={Mosler, J and Ortiz, M},
  journal={International Journal for Numerical Methods in Engineering},
  volume={72},
  number={5},
  pages={505--523},
  year={2007},
  publisher={Wiley Online Library}
}

@article{rodr√≠guez2000error,
  title={Error estimation and adaptivity for nonlocal damage models},
  author={Rodr{\'i}guez-Ferran, Antonio and Huerta, Antonio},
  journal={International Journal of Solids and Structures},
  volume={37},
  number={48-50},
  pages={7501--7528},
  year={2000},
  publisher={Elsevier}
}

@article{rannacher1997feed,
  author = {Rannacher, Rolf and Suttmeier, F-T},
  doi = {10.1007/s004660050191},
  journal = {Comput. Mechanics},
  month = {Apr.},
  number = {5},
  pages = {434--446},
  publisher = {Springer},
  title = {A feed-back approach to error control in finite element methods: {A}pplication to linear elasticity},
  volume = {19},
  year = {1997}
}

@article{gonzalez2014mesh,
  author = {Gonz{\'a}lez-Estrada, Octavio Andres and Nadal, E and R{\'o}denas, JJ and Kerfriden, Pierre and Bordas, St{\'e}phane Pierre-Alain and Fuenmayor, FJ},
  doi = {10.1007/s00466-013-0942-8},
  journal = {Comput. Mechanics},
  month = {May.},
  number = {5},
  pages = {957--976},
  publisher = {Springer},
  title = {Mesh adaptivity driven by goal-oriented locally equilibrated superconvergent patch recovery},
  volume = {53},
  year = {2014}
}

@inproceedings{ghorashi2014goal,
  author = {Ghorashi, S Sh and Amani, J and Bagherzadeh, AS and Rabczuk, T},
  intype = "presented at the",
  booktitle = {WCCM XI-ECCM V-ECFD VI, Barcelona, Spain},
  address = {Barcelona, Spain},
  month = {Jul.},
  title = {Goal-oriented error estimation and mesh adaptivity in three-dimensional elasticity problems},
  year = {2014}
}

@article{rannacher1998posteriori,
  author = {Rannacher, Rolf and Suttmeier, F-T},
  doi = {10.1007/s004660050288},
  journal = {Comput. Mechanics},
  month = {Mar.},
  number = {2},
  pages = {123--133},
  publisher = {Springer},
  title = {A posteriori error control in finite element methods via duality techniques: Application to perfect plasticity},
  volume = {21},
  year = {1998}
}

@article{rannacher1999posteriori,
  author = {Rannacher, Rolf and Suttmeier, Franz-Theo},
  doi = {10.1016/S0045-7825(98)00344-2},
  journal = {Comput. Methods in Appl. Mechanics and Eng.},
  month = {Jul.},
  number = {1-4},
  pages = {333--361},
  publisher = {Elsevier},
  title = {A posteriori error estimation and mesh adaptation for finite element models in elasto-plasticity},
  volume = {176},
  year = {1999}
}

@article{rabizadeh2015adaptive,
  author = {Rabizadeh, E and Bagherzadeh, A Saboor and Rabczuk, T},
  doi = {10.1016/j.commatsci.2015.01.044},
  journal = {Comput. Materials Science},
  month = {May.},
  pages = {27--44},
  publisher = {Elsevier},
  title = {Adaptive thermo-mechanical finite element formulation based on goal-oriented error estimation},
  volume = {102},
  year = {2015}
}

@article{larsson2002strategies,
  author = {Larsson, Fredrik and Hansbo, Peter and Runesson, Kenneth},
  doi = {10.1002/nme.513},
  journal = {Int. J. for Numerical Methods in Eng.},
  month = {Aug.},
  number = {8},
  pages = {879--894},
  publisher = {Wiley-Blackwell},
  title = {Strategies for computing goal-oriented a posteriori error measures in non-linear elasticity},
  volume = {55},
  year = {2002}
}

@article{whiteley2014error,
  author = {Whiteley, JP and Tavener, SJ},
  doi = {10.1002/nme.4677},
  journal = {Int. J. for Numerical Methods. in Eng.},
  month = {Apr.},
  number = {5},
  pages = {313--332},
  publisher = {Wiley-Blackwell},
  title = {Error estimation and adaptivity for incompressible hyperelasticity},
  volume = {99},
  year = {2014}
}

@article{stein2007error,
  author = {Stein, Erwin and R{\"u}ter, Marcus and Ohnimus, Stephan},
  doi = {10.1016/j.cma.2006.10.032},
  journal = {Comput. Methods in Appl. Mechanics and Eng.},
  month = {Aug.},
  number = {37},
  pages = {3598--3613},
  publisher = {Elsevier},
  title = {Error-controlled adaptive goal-oriented modeling and finite element approximations in elasticity},
  volume = {196},
  year = {2007}
}

@article{ghorashi2017goal,
  author = {Ghorashi, S. S. and Rabczuk, T.},
  doi = {10.1007/s10704-016-0113-y},
  journal = {Int. J. of Fracture},
  month = {Jan.},
  pages = {3--19},
  publisher = {Springer},
  title = {Goal-oriented error estimation and mesh adaptivity in {3D} elastoplasticity problems},
  volume = {203},
  year={2017}
}

@article{granzow2018adjoint,
  title={Adjoint-based error estimation and mesh adaptation for stabilized finite deformation elasticity},
  author={Granzow, Brian N and Oberai, Assad A and Shephard, Mark S},
  journal={Computer Methods in Applied Mechanics and Engineering},
  volume={337},
  pages={263--280},
  year={2018},
  publisher={Elsevier}
}

@article{masud2006variational,
  title={A variational multiscale method for inelasticity: Application to superelasticity in shape memory alloys},
  author={Masud, Arif and Xia, Kaiming},
  journal={Computer methods in applied mechanics and engineering},
  volume={195},
  number={33-36},
  pages={4512--4531},
  year={2006},
  publisher={Elsevier}
}
